@article{文献引用案例将2021侵权删,
  title={中山大学月球激光测距研究与实验.},
  author={高添泉 and 张才士 and 李明 and 李语强 and 韩西达 and 练军想 and 刘胜前 and 黎樽彪 and 涂良成 and 吴先霖 and others},
  journal={Acta Scientiarum Naturalium Universitatis Sunyatseni/Zhongshan Daxue Xuebao},
  volume={60},
  year={2021}
}
